<record><leader>00000cas a2200000 a 4500</leader><controlfield tag="001">12290319</controlfield><controlfield tag="008">850722d187219uuiluwr ne      0   a0eng c</controlfield><datafield ind1=" " ind2=" " tag="010"><subfield code="a">sn 85033847 </subfield></datafield><datafield ind1=" " ind2=" " tag="040"><subfield code="a">NPU</subfield><subfield code="b">eng</subfield><subfield code="c">NPU</subfield><subfield code="d">NVF</subfield><subfield code="d">MGN</subfield><subfield code="d">NVF</subfield><subfield code="d">OCLCQ</subfield><subfield code="d">NVF</subfield><subfield code="d">OCLCF</subfield><subfield code="d">NVF</subfield><subfield code="d">OCLCO</subfield></datafield><datafield ind1=" " ind2=" " tag="042"><subfield code="a">pcc</subfield></datafield><datafield ind1=" " ind2=" " tag="043"><subfield code="a">n-us-il</subfield></datafield><datafield ind1="0" ind2="4" tag="245"><subfield code="a">The Mattoon commercial.</subfield></datafield><datafield ind1="1" ind2="7" tag="246"><subfield code="a">Commercial</subfield></datafield><datafield ind1=" " ind2=" " tag="260"><subfield code="a">Mattoon, Ill. :</subfield><subfield code="b">Rufus Sumerlin &amp; Sons</subfield></datafield><datafield ind1=" " ind2=" " tag="300"><subfield code="a">v.</subfield></datafield><datafield ind1=" " ind2=" " tag="310"><subfield code="a">Weekly</subfield></datafield><datafield ind1="1" ind2=" " tag="362"><subfield code="a">Began in 1872?</subfield></datafield><datafield ind1=" " ind2=" " tag="588"><subfield code="a">Description based on: Vol. 2, no. 40 (Apr. 19, 1873).</subfield></datafield><datafield ind1=" " ind2=" " tag="588"><subfield code="a">Latest issue consulted: Vol. 36, no. 8 (Dec. 27, 1906).</subfield></datafield><datafield ind1=" " ind2=" " tag="530"><subfield code="a">Preservation microfilmed by the University of Illinois at Urbana-Champaign Library as part of the United States Newspaper Program; the year 1893 (on 1 microfilm reel) is available for purchase from OCLC Preservation Service Centers.</subfield></datafield><datafield ind1=" " ind2=" " tag="580"><subfield code="a">Merged with: Mattoon star, to form: Mattoon commercial-star.</subfield></datafield><datafield ind1=" " ind2="0" tag="651"><subfield code="a">Mattoon (Ill.)</subfield><subfield code="v">Newspapers.</subfield></datafield><datafield ind1=" " ind2="7" tag="651"><subfield code="a">Illinois</subfield><subfield code="z">Mattoon.</subfield><subfield code="2">fast</subfield><subfield code="0">(OCoLC)fst01217883</subfield></datafield><datafield ind1=" " ind2="7" tag="655"><subfield code="a">Newspapers.</subfield><subfield code="2">fast</subfield><subfield code="0">(OCoLC)fst01423814</subfield></datafield><datafield ind1=" " ind2=" " tag="752"><subfield code="a">United States</subfield><subfield code="b">Illinois</subfield><subfield code="c">Coles</subfield><subfield code="d">Mattoon.</subfield></datafield><datafield ind1="0" ind2="0" tag="780"><subfield code="t">Mattoon radical republican</subfield><subfield code="w">(DLC)sn 84038544</subfield><subfield code="w">(OCoLC)11333225</subfield></datafield><datafield ind1="1" ind2="7" tag="785"><subfield code="t">Mattoon star</subfield><subfield code="w">(DLC)sn 90054903</subfield><subfield code="w">(OCoLC)21479919</subfield></datafield><datafield ind1="1" ind2="7" tag="785"><subfield code="t">Mattoon commercial-star</subfield><subfield code="w">(DLC)sn 90054904</subfield><subfield code="w">(OCoLC)21480264</subfield></datafield></record>